<?xml version="1.0" encoding="UTF-8"?><collection xmlns="http://www.loc.gov/MARC21/slim"><record><leader>00547nam--2200193-u-4500</leader><controlfield tag="001">000054657</controlfield><controlfield tag="002">20161230</controlfield><controlfield tag="005">20161230201051</controlfield><controlfield tag="008">120511s1000------------r-----000-0-rus-d</controlfield><datafield ind1=" " ind2=" " tag="040"><subfield code="a">IFIN-HH</subfield></datafield><datafield ind1=" " ind2=" " tag="041"><subfield code="a">rus</subfield></datafield><datafield ind1=" " ind2=" " tag="080"><subfield code="a">539.143.43</subfield></datafield><datafield ind1="1" ind2=" " tag="110"><subfield code="a">Universitet Imeni A.A. Jdanova</subfield></datafield><datafield ind1="1" ind2="0" tag="245"><subfield code="a">Iadernii magnitbuu rezonans</subfield><subfield code="b">Vipusk iv ; ucebnoe posobie</subfield></datafield><datafield ind1=" " ind2=" " tag="260"><subfield code="a">Leningrd</subfield><subfield code="b">Leningradskogo Universiteta</subfield><subfield code="c">1971, 1982</subfield></datafield><datafield ind1=" " ind2=" " tag="300"><subfield code="a">2 VOLUME</subfield></datafield><datafield ind1="1" ind2=" " tag="787"><subfield code="a">Ucebnoe Posobie</subfield><subfield code="d">1982</subfield><subfield code="h">341p</subfield></datafield><datafield ind1=" " ind2=" " tag="852"><subfield code="a">71298</subfield><subfield code="c">539.143.43</subfield></datafield><datafield ind1=" " ind2=" " tag="CAT"><subfield code="a">Sys</subfield><subfield code="c">20120511</subfield><subfield code="h">155647</subfield></datafield></record></collection>